<?xml version="1.0" encoding="UTF-8" ?>
<collection xmlns:xsi="http://www.w3.org/2001/XMLSchema-instance" xsi:schemaLocation="http://www.loc.gov/MARC21/slim http://www.loc.gov/standards/marcxml/schema/MARC21slim.xsd" xmlns="http://www.loc.gov/MARC21/slim">
   <record>
      <leader>     cam a22     L  4500</leader>
      <controlfield tag="001">4437516</controlfield>
      <controlfield tag="003">NIC</controlfield>
      <controlfield tag="005">20140726195416.0</controlfield>
      <controlfield tag="008">950505s1947    le            000 0 ara d</controlfield>
      <datafield tag="035" ind1=" " ind2=" ">
         <subfield code="a">(OCoLC)32475587</subfield>
      </datafield>
      <datafield tag="035" ind1=" " ind2=" ">
         <subfield code="a">4437516</subfield>
      </datafield>
      <datafield tag="040" ind1=" " ind2=" ">
         <subfield code="a">TEU</subfield>
         <subfield code="c">TEU</subfield>
         <subfield code="d">OCL</subfield>
         <subfield code="d">NIC</subfield>
      </datafield>
      <datafield tag="050" ind1=" " ind2="4">
         <subfield code="a">BP130.4</subfield>
         <subfield code="b">.Z3 1847x</subfield>
      </datafield>
      <datafield tag="100" ind1="1" ind2=" ">
         <subfield code="a">Zamakhsharī, Maḥmūd ibn ʻUmar,</subfield>
         <subfield code="d">1075-1144.</subfield>
      </datafield>
      <datafield tag="240" ind1="1" ind2="0">
         <subfield code="a">Kashshāf</subfield>
      </datafield>
      <datafield tag="245" ind1="1" ind2="3">
         <subfield code="a">al-Kashshāf ʻan ḥaqāʼiq ghawāmiḍ al-tanzīl wa-ʻuyūn al-aqāwīl fī wujūh al-taʼwīl /</subfield>
         <subfield code="b">wa-huwa tafsīr al-Qurʼān al-karīm.  Wa-bi-dhaylihi arbaʻat kutub: al-awwal: al-intiṣāf li-Aḥmad ibn al-Munayyir al-Iskandarī, al-thānī: al-Kāfī al-shāfī fī takhrīj aḥādīth al-kashshāf lil-Ḥāfiẓ Ibn Ḥajar al-ʻAsqalānī, al-thālith : ḥāshiyat Muḥammad ʻIlyān al-Marzūqī ʻalá tafsīr al-kashshāf, al-rābiʻ : mashāhid al-inṣāf ʻalá shawāhid al-kashshāf li-Muḥammad ʻIlyān al-Madhkūr.</subfield>
      </datafield>
      <datafield tag="260" ind1=" " ind2=" ">
         <subfield code="a">Bayrūt :</subfield>
         <subfield code="b">Dār al-Kitāb al-ʻArabī,</subfield>
         <subfield code="c">[1947]</subfield>
      </datafield>
      <datafield tag="300" ind1=" " ind2=" ">
         <subfield code="a">4 v. ;</subfield>
         <subfield code="c">25 cm.</subfield>
      </datafield>
      <datafield tag="500" ind1=" " ind2=" ">
         <subfield code="a">In Arabic.</subfield>
      </datafield>
      <datafield tag="630" ind1="0" ind2="0">
         <subfield code="a">Qurʼan</subfield>
         <subfield code="x">Criticism, interpretation, etc.</subfield>
         <subfield code="v">Early works to 1800.</subfield>
      </datafield>
      <datafield tag="630" ind1="0" ind2="0">
         <subfield code="a">Qurʼan</subfield>
         <subfield code="x">Hermeneutics</subfield>
         <subfield code="v">Early works to 1800.</subfield>
      </datafield>
      <datafield tag="700" ind1="1" ind2=" ">
         <subfield code="a">Munayyir, Aḥmad ibn Muḥammad,</subfield>
         <subfield code="d">1223-1284.</subfield>
         <subfield code="t">Intiṣāf.</subfield>
      </datafield>
      <datafield tag="700" ind1="1" ind2=" ">
         <subfield code="a">Ibn Ḥajar al-ʻAsqaln̄ī, Aḥmad ibn ʻAlī,</subfield>
         <subfield code="d">1372-1449.</subfield>
         <subfield code="t">Al-Kāfī al-shf̄ī.</subfield>
      </datafield>
      <datafield tag="700" ind1="1" ind2=" ">
         <subfield code="a">Marzūqī, Muḥammad ʻIlyān.</subfield>
         <subfield code="t">Ḥāshiyah.</subfield>
      </datafield>
      <datafield tag="700" ind1="1" ind2=" ">
         <subfield code="a">Marzūqī, Muḥammad ʻIlyān.</subfield>
         <subfield code="t">Mashāhid al-inṣāf.</subfield>
      </datafield>
      <datafield tag="948" ind1="2" ind2=" ">
         <subfield code="a">20021028</subfield>
         <subfield code="b">x</subfield>
         <subfield code="d">batch</subfield>
         <subfield code="e">lts</subfield>
      </datafield>
      <datafield tag="948" ind1="3" ind2=" ">
         <subfield code="a">20021028</subfield>
         <subfield code="h">recon2</subfield>
         <subfield code="i">edx.mars.coo.ftp.v02m1002.cc.bib</subfield>
      </datafield>
      <datafield tag="903" ind1=" " ind2=" ">
         <subfield code="a">NYUACO</subfield>
         <subfield code="d">20141028</subfield>
         <subfield code="p">31924092311061</subfield>
      </datafield>
      <datafield tag="950" ind1=" " ind2=" ">
         <subfield code="a">BP130.4</subfield>
         <subfield code="b">.Z23 1947</subfield>
         <subfield code="v">v.4 </subfield>
      </datafield>
      <datafield tag="903" ind1=" " ind2=" ">
         <subfield code="a">NYUACO</subfield>
         <subfield code="d">20141028</subfield>
         <subfield code="p">31924092311079</subfield>
      </datafield>
      <datafield tag="950" ind1=" " ind2=" ">
         <subfield code="a">BP130.4</subfield>
         <subfield code="b">.Z23 1947</subfield>
         <subfield code="v">v.2 </subfield>
      </datafield>
      <datafield tag="903" ind1=" " ind2=" ">
         <subfield code="a">NYUACO</subfield>
         <subfield code="d">20141028</subfield>
         <subfield code="p">31924092311087</subfield>
      </datafield>
      <datafield tag="950" ind1=" " ind2=" ">
         <subfield code="a">BP130.4</subfield>
         <subfield code="b">.Z23 1947</subfield>
         <subfield code="v">v.3 </subfield>
      </datafield>
      <datafield tag="903" ind1=" " ind2=" ">
         <subfield code="a">NYUACO</subfield>
         <subfield code="d">20141028</subfield>
         <subfield code="p">31924092311095</subfield>
      </datafield>
      <datafield tag="950" ind1=" " ind2=" ">
         <subfield code="a">BP130.4</subfield>
         <subfield code="b">.Z23 1947</subfield>
         <subfield code="v">v.1 </subfield>
      </datafield>
   </record>
</collection>
